%% This BibTeX bibliography file was created using BibDesk.
%% https://bibdesk.sourceforge.io/

%% Created for Benson at 2021-07-02 17:26:04 +0800 


%% Saved with string encoding Unicode (UTF-8) 
@article{Zhangetal2022,
	author = {Zhang, H. and Ding, H. and Lee, W.-S},
	journal = {Journal of Phonetics},
	pages = {101154},
	title = {The influence of preceding speech and nonspeech contexts on {M}andarin tone identification},
	volume = {93},
	year = {2022},
	doi = {10.1016/j.wocn.2022.101154}
	}
	
@article{Wang2002,
	author = {Wang, H.S.},
	year = {2002},
	title = {The Prosodic Effects on {T}aiwan {M}in Tones},
	journal = {Language and Linguistics},
	volume = {3},
	issue = {4},
	pages = {839--852}
	}
	
	
@phdthesis{Li2008,
	Type = {dissertation},
  	Title = { {C}ontact-{I}nduced {G}rammatical {C}hange: {T}he {C}ase of {G}ei3 in {T}aiwanese {M}andarin},
  	Author = {Li, Jia-Chun},
  	School = {National Tsing Hua University},
  	address= {Hsinchu},
  	Year = {2008}
	} 

@phdthesis{Lin1988,
	Type = {dissertation},
  	Title = {{C}ontextual {S}tability of {T}aiwanese {T}ones},
  	Author = {Lin, H.-B.},
  	School = {University of Conneticut},
  	address= {Storrs},
  	Year = {1988},
	} 

@article{Her2012,
	author = {Her, One-Soon},
	year = {2012},
	title = {Language and Group Identity: On Taiwan Mainlanders' Mother Tongues and Taiwan Mandarin},
	journal = {Language and Linguistics},
	volume = {10},
	issue = {2},
	pages = {375--419}
	}

@article{Su2018,
	title ={台灣華語的在地化及標記化 {[}{T}he Indigenization and Enregisterment of {T}aiwan {M}andarin{]}},
	author ={Su, Hsi-yao},
	journal ={台灣學誌 {[}Monumenta Taiwanica{]}},
	number ={17},
	year ={2018},
	pages ={1--35},
	DOI ={10.6242/twnica.201804_(17).0001}
}

@article{ChangHsieh2012,
	author = {Chang, Y.-C. and Hsieh, F.-F. },
	year = {2012},
	title = {Tonal coarticulation in {M}alaysian {H}okkien: {A} typological anomaly?},
	journal = {The Linguistic Review},
	volume = {29},
	pages = {37--73},
	doi = {10.1515/tlr-2012-0003}
	}
	
@Manual{RCoreTeam2019,
	author = {{R Core Team}},
	title = {{R}: {A} Language and Environment for Statistical Computing. {V}ersion 3.6.1},
  	year = {2019},
  	howpublished = {Vienna, Austria},
  	organization = {R Foundation for Statistical Computing},
  	location     = {Vienna, Austria},
  	url = {https://www.R-project.org/ (EPEL Repo)},
  	type = {Computer Software}
	}

@Manual{BoersmaWeenink2018,
	author = {Boersma, P. and Weenink, D.},
	title = {{Praat: doing phonetics by computer. Version 6.2.14}},
  	year = {2018},
  	organization = {R Foundation for Statistical Computing},
  	url = {http://www.praat.org/},
  	type = {Computer Software}
	}
	
@article{Jadouletal2018,
	author = {Jadoul, Y. and Thompson, B. and de Boer, B.},
	year = {2018},
	title = {Introducing {P}arselmouth: {A} {P}ython interface to {P}raat},
	journal = {Journal of Phonetics},
	volume = {71},
	pages = {1--15},
	doi = {10.1016/j.wocn.2018.07.001}
	}
	
@Manual{vanRossumDrake2009,
	author = {van Rossum, G. and Drake, F. L.},
	title = {{Python 3 Reference Manual. Version 3.9}},
  	year = {2009},
  	organization = {CreateSpace},
	howpublished = {Scotts Valley, CA},
	publisher = {CreateSpace},
  	type = {Computer Software}
	}
	
@inproceedings{BuschmeierWlodarczak2013,
	author = {Buschmeier, H. and W\l{}odarczak, M.},
	title = {TextGridTools: {A} {T}ext{G}rid processing and analysis toolkit for {P}ython},
	booktitle = {Proceedings der 24. {K}onferenz zur {E}lektronischen {S}prachsignalverarbeitung},
  	year = {2013},
	pages = {152--157},
	address = {Bielefeld, Germany}
	}
	
@article{Li2010,
	title ={台、華語接觸所引起的台語語音的變化趨勢 {[}{S}ound Change in {T}aiwanese: {A} Tendency Caused by Its Contact with {M}andarin{]}},
	author ={Li, Siok-Hong},
	journal ={台語研究 {[}Journal of Taiwanese Vernacular{]}},
	volume ={2},
	number ={1},
	year ={2010},
	pages ={56--71},
	ISSN ={2076-3611},
	DOI ={10.6621/JTV.2010.0201.03}
	}
	
@inproceedings{Haoetal2018,
	author = {Hao, Lixia and Zhang Wei and Xie Yanlu and Zhang Jinsong},
	title = {A preliminary study on tonal coarticulation in continuousspeech},
	booktitle = {Proceedings of Interspeech},
  	year = {2018},
	pages = {3017--3021},
	address = {Hyderabad, India}
	}
	
@inproceedings{ChuangFon2010,
	author = {Chuang, Yu-Ying and Fon, Janice},
	title = {The Effect of Prosodic Prominence on the Realizations of Voiceless Dental and Retroflex Sibilants in {Taiwan Mandarin} Spontaneous Speech},
	booktitle = {Proceedings of {S}peech {P}rosody 2010-{F}ifth {I}nternational {C}onference},
  	year = {2010},
	address = {Chicago, Illinois}
	}

@article{Wieling2018,
	author = {Wieling, M.},
	year = {2018},
	title = {Analyzing dynamic phonetic data using generalized additive mixed modeling: {A} tutorial focusing on articulatory differences between {L}1 and {L}2 speakers of {E}nglish},
	journal = {Journal of Phonetics},
	volume = {70},
	pages = {89--116},
	doi = {10.1016/j.wocn.2018.03.002}
	}
	
@article{Batesetal2015,
	title = {Fitting Linear Mixed-Effects Models Using {lme4}},
  	author = {Douglas Bates and Martin M{\"a}chler and Ben Bolker and Steve Walker},
  	journal = {Journal of Statistical Software},
  	year = {2015},
  	volume = {67},
  	number = {1},
  	pages = {1--48},
  	doi = {10.18637/jss.v067.i01},
	}
	
@article{Vallat2018,
	author = {Vallat, R.},
	year = {2018},
	title = {Pingouin: statistics in {P}ython},
	journal = {Journal of Open Source Software},
	volume = {3},
	issue = {31},
	pages = {1026},
	doi = {10.21105/joss.01026}
	}
	
@article{FonChiang1999,
 	author = {Janice Fon and Wen-Yu Chiang},
 	journal = {Journal of Chinese Linguistics},
 	number = {1},
 	pages = {13--37},
 	publisher = {[Chinese University Press, Project on Linguistic Analysis]},
 	title = {What Does {C}hao have to say about tones?—{A} Case study of {T}aiwan {M}andarin},
	 volume = {27},
	 year = {1999}
	}

@article{Tomar2006,
 	author = {Tomar, S.},
 	journal = {Linux Journal},
 	number = {1},
 	pages = {10},
 	title = {Converting video formats with {FF}mpeg},
	volume = {146},
	year = {2006}
	}

@article{Peirce2019, 
	doi = {10.3758/s13428-018-01193-y}, 
  	year = {2019}, 
  	publisher = {Springer Science and Business Media {LLC}}, 
  	volume = {51}, 
  	number = {1}, 
  	pages = {195--203}, 
  	author = {Jonathan Peirce and Jeremy R. Gray and Sol Simpson and Michael MacAskill and Richard H\"{o}chenberger and Hiroyuki Sogo and Erik Kastman and Jonas Kristoffer Lindel{\o}v}, 
  	title = {{PsychoPy}2: {E}xperiments in behavior made easy}, 
 	 journal = {Behavior Research Methods} 
}

@book{Flanagan2006, 
  	title={JavaScript: the definitive guide}, 
  	author={Flanagan, David}, 
  	year={2006}, 
  	publisher={O'Reilly Media, Inc.} 
}

@inbook{Flemming2011, 
  	title={The grammar of coarticulation}, 
	booktitle={La coarticulation: Des indices à la représentation},
  	author={Flemming, Edward}, 
	editor={Embarki, M. and Dodane, C.},
  	year={2011}, 
  	publisher={L'Harmattan},
	address={Paris}
}

@inbook{Hyman2007, 
  	title={Universal of tone rules: 30 years later}, 
	booktitle={Tones and Tunes},
  	author={Hyman, L.}, 
	editor={Gussenhoven, C. and Riad, T.},
  	year={2007}, 
  	volume={2},
  	pages={1--34},
  	publisher={Mouton de Gruyter},
	address={Berlin}
}

@article{Markovaetal2016,
	author = {Markova, Diana and Richer, Louis and Pangelinan, Melissa and Schwartz, Deborah and Leonard, Gabriel and Perron, Michel and Pike, Bruce and Veillette, Suzanne and Chakravarty, M. and Pausova, Zdenka and Paus, Tomas},
	year = {2016},
	pages = {84--96},
	title = {Age- and sex-related variations in vocal-tract morphology and voice acoustics during adolescence},
	volume = {81},
	journal = {Hormones and Behavior},
	doi = {10.1016/j.yhbeh.2016.03.001}
}

@article{Nearey1989,
 	author = {Terrance M. Nearey},
	number = {5},
 	journal = {The Journal of the Acoustical Society of America},
 	pages = {2088--2113},
 	title = {Static, dynamic, and relational properties in vowel perception},
	volume = {85},
	year = {1989},
	doi = {doi.org/10.1121/1.397861}
	}

@article{LadefogedBroadbent1957,
 	author = {Ladefoged, P. and Broadbent, D. E.},
	title = {Information conveyed by vowels},
 	journal = {The Journal of the Acoustical Society of America},
 	pages = {98--104},
 	volume = {29},
 	year = {1957}
}

@article{WongDiehl2003,
	author = {Wong, Patrick and Diehl, Randy},
	year = {2003},
	pages = {413-421},
	title = {Perceptual Normalization for Inter- and Intratalker Variation in Cantonese Level Tones},
	volume = {46},
	journal = {Journal of Speech, Language, and Hearing Research : JSLHR},
	doi = {10.1044/1092-4388(2003/034)}
}

@article{Francisetal2003,
	author = {Francis, A.L. and Ciocca, V. and Ng, B.K. Chit},
	year = {2003},
	pages = {1029--1044},
	title = {On the (non)categorical perception of lexical tones},
	volume = {65},
	journal = {Perception \& Psychophysics},
	doi = {10.3758/BF03194832}
}

@article{HuangHolt2009,
	author = {Huang, Jingyuan and Holt, Lori},
	year = {2009},
	pages = {3983--3994},
	title = {General Perceptual Contributions to Lexical Tone Normalization},
	volume = {125},
	number = {6},
	journal = {The Journal of the Acoustical Society of America},
	doi = {10.1121/1.3125342}
}

@article{JohnsonSjerps2018,
	author = {Johnson, K. and Sjerps, M.},
	URL = {https://escholarship.org/uc/item/2fc6x1ph},
	year = {2018},
	title = {Speaker Normalization in Speech Perception},
	volume = {14},
	journal = {UC Berkeley PhonLab Annual Report},
	doi = {10.5070/P7141042474}
}

@article{WangFillmore1961,
	author = {Wang, William and Fillmore, Charles},
	year = {1961},
	pages = {130--136},
	title = {Intrinsic Cues and Consonant Perception},
	volume = {4},
	journal = {Journal of speech and hearing research},
	doi = {10.1044/jshr.0402.130}
}

@article{Peng1997,
	title = {Production and perception of {T}aiwanese tones in different tonal and prosodic contexts},
	journal = {Journal of Phonetics},
	volume = {25},
	number = {3},
	pages = {371--400},
	year = {1997},
	doi = {10.1006/jpho.1997.0047},
	author = {Peng, Shu-hui}
}

@article{Schaferetal2000,
	author = {Amy Schafer and Katy Carlson and Harles Clifton, jr and Lyn Frazier},
	title = {Focus and the Interpretation of Pitch Accent: {D}isambiguating Embedded Questions},
	journal = {Language and Speech},
	volume = {43},
	number = {1},
	pages = {75--105},
	year = {2000},
	doi = {10.1177/00238309000430010301},
}

@book{Zellou2022,
	address = {Cambridge},
	title = {Coarticulation in Phonology},
	DOI = {10.1017/9781009082488},
	publisher = {Cambridge University Press},
	author = {Zellou, Georgia},
	year = {2022}
	}

@article{WatkinsMakin1994,
	author = {Watkins, A. J. and Makin, S. J.},
	title = {Perceptual compensation for speaker differences and for spectral-envelope distortion},
	journal = {Journal of the Acoustical Society of America},
	volume = {96},
	number = {3},
	pages = {1263--1282},
	year = {1994},
	doi = {10.1121/1.410275},
}

@article{WatkinsMakin1996,
	author = {Watkins, A. J. and Makin, S. J.},
	title = {Effects of spectral contrast on perceptual compensation for spectral-envelope distortion},
	journal = {Journal of the Acoustical Society of America},
	volume = {99},
	number = {6},
	pages = {3749--3757},
	year = {1996},
	doi = {10.1121/1.414981},
}

@article{XuWang2009,
	author = {Xu, Y. and Wang, M.},
	title = {Organizing syllables into groups—{E}vidence from {F}0 and duration patterns in {M}andarin},
	journal = {Journal of Phonetics},
	volume = {37},
	number = {4},
	pages = {502--520},
	year = {2009},
	doi = {10.1016/J.WOCN.2009.08.003},
}

@article{Shen1990,
	title = {Tonal coarticulation in Mandarin},
	journal = {Journal of Phonetics},
	volume = {18},
	number = {2},
	pages = {281--295},
	year = {1990},
	doi = {10.1016/S0095-4470(19)30394-8},
	author = {Xiaonan Susan Shen},
}

@incollection{Xu1994a,
      author = {Xu, Yi},
      title = {Asymmetry in Contextual Tonal Variation in Mandarin},
      editor = {Chang, H.-W. and Huang, J.-T. and Hue, C.-W. and Tzeng, O.J.L.},
      booktitle = {Advances in the {S}tudy of {C}hinese {L}anguage {P}rocessing},
      publisher = {Department of Psychology, National Taiwan University},
      address = {Taipei},
      year = {1994},
      pages = {383--396}
    }

@article{Xu1994,
	title = {Production and perception of coarticulated tones},
	journal = {Journal of the Acoustical Society of America},
	volume = {95},
	number = {4},
	pages = {2240--2253},
	year = {1994},
	doi = {10.1121/1.408684},
	author = {Yi Xu}
}

@article{Hanson2009,
	title = {Effects of obstruent consonants on fundamental frequency at vowel onset in {E}nglish},
	journal = {Journal of the Acoustical Society of America},
	volume = {125},
	number = {1},
	pages = {425--441},
	year = {2009},
	doi = {10.1121/1.3021306},
	author = {Hanson, Helen}
}

@book{Chao1968,
 	address = {Berkeley},
  	author = {Chao, Yuen Ren},
  	publisher = {University of California Press},
  	title = {A {G}rammar of {S}poken {C}hinese},
  	year  = {1968}
}

@inproceedings{ShihSproat1992,
	pages = {193--200},
	publisher  = {The Institute for Research in Cognitive Science, University of Pennsylvania},
	address = {Philadelphia},
	booktitle = {{Proceedings of the IRCS workshop on prosody in natural speech}},
	title={Variations of the {M}andarin rising tone},
  	author={Chi-Ching Shih and Sproat, R},
  	year={1992}
}

@article{Xu1997,
	title = {Contextual tonal variations in {M}andarin},
	journal = {Journal of Phonetics},
	volume = {25},
	number = {1},
	pages = {61--83},
	year = {1997},
	doi = {10.1006/jpho.1996.0034},
	author = {Yi Xu}
	}
@article{Yang2021,
   author={Yang, Yan-Chang},
   title={台灣人出現華語與台語語碼轉換的現狀與發生契機之研究---以電視節目為分析語料 {[}{R}esearch on the status quo and driving effects of {T}aiwanese-{M}andarin code-switching on {T}aiwanese people: {C}orpus from television programs{]}},
   journal={拓殖大學台灣研究 {[}Journal of Taiwan studies, Takushoku University{]}},
   year={2021},
   volume={5},
   pages={91--118}
}

@inproceedings{LinYan1991,
	title={Tonal coarticulation patterns in quadrisyllabic words and phrases with normal stress of {M}andarin},
	booktitle = {{Proceedings of the XIIth International Congress of Phonetic Sciences}},
	volume = {3},
	pages = {242--245},
  	author={Lin, M. and Yan, J.},
  	year={1991}
}

@misc{vanRijetal2020,
    title = {{itsadug}: Interpreting Time Series and Autocorrelated Data Using GAMMs},
    author = {Jacolien {van Rij} and Martijn Wieling and R. Harald Baayen and Hedderik {van Rijn}},
    year = {2020},
    note = {R package version 2.4},
  }
